<?xml version="1.0" encoding="UTF-8"?><record xmlns="http://www.loc.gov/MARC21/slim" xmlns:cinclude="http://apache.org/cocoon/include/1.0" xmlns:zs="http://www.loc.gov/zing/srw/">
  <leader>00431cz  a2200133n  4500</leader>
  <controlfield tag="001">n  90724538 </controlfield>
  <controlfield tag="003">DLC</controlfield>
  <controlfield tag="005">20141105085211.0</controlfield>
  <controlfield tag="008">901214n| azannaab           |n ana      </controlfield>
  <datafield tag="010" ind1=" " ind2=" ">
    <subfield code="a">n  90724538 </subfield>
  </datafield>
  <datafield tag="040" ind1=" " ind2=" ">
    <subfield code="a">DLC</subfield>
    <subfield code="b">eng</subfield>
    <subfield code="e">rda</subfield>
    <subfield code="c">DLC</subfield>
    <subfield code="d">DLC</subfield>
  </datafield>
  <datafield tag="110" ind1="2" ind2=" ">
    <subfield code="a">Manhattan Transfer (Musical group)</subfield>
  </datafield>
  <datafield tag="670" ind1=" " ind2=" ">
    <subfield code="a">Its Bodies ; souls [SR] p1983:</subfield>
    <subfield code="b">label (The Manhattan Transfer)</subfield>
  </datafield>
  <datafield tag="670" ind1=" " ind2=" ">
    <subfield code="a">LC data base, 06-13-91</subfield>
    <subfield code="b">(hdg.: Manhattan Transfer (Musical group))</subfield>
  </datafield>
</record>